<record xmlns="http://www.loc.gov/MARC21/slim" xmlns:xsi="http://www.w3.org/2001/XMLSchema-instance" xsi:schemaLocation="http://www.loc.gov/MARC21/slim http://www.loc.gov/standards/marcxml/schema/MARC21slim.xsd"><leader>02124nam a2200397   4500</leader><controlfield tag="001">630200</controlfield><controlfield tag="003">NNC</controlfield><controlfield tag="006">m        d        </controlfield><controlfield tag="007">cr cn |||m|||a</controlfield><controlfield tag="008">150223s197u    iq      ob    000 0 ara d</controlfield><datafield ind1=" " ind2=" " tag="040"><subfield code="a">NNU</subfield><subfield code="b">eng</subfield><subfield code="e">rda</subfield><subfield code="c">NNU</subfield></datafield><datafield ind1=" " ind2="4" tag="050"><subfield code="a">PJ7526</subfield><subfield code="b">.Q39 1970</subfield></datafield><datafield ind1="1" ind2=" " tag="100"><subfield code="6">880-01</subfield><subfield code="a">Qaysi&#772;, Nu&#772;ri&#772; H&#803;ammu&#772;di&#772;.</subfield></datafield><datafield ind1="1" ind2="0" tag="245"><subfield code="6">880-02</subfield><subfield code="a">Dira&#772;sa&#772;t fi&#772; al-shi&#699;r al-Ja&#772;hili&#772; /</subfield><subfield code="c">Nu&#772;ri&#772; H&#803;ammu&#772;di&#772; al-Qaysi&#772;.</subfield></datafield><datafield ind1=" " ind2=" " tag="260"><subfield code="6">880-03</subfield><subfield code="a">[Baghdad] :</subfield><subfield code="b">Sa&#772;&#699;adat Ja&#772;mi&#699;at Baghdad &#699;ala&#769; nashrih ;</subfield><subfield code="a">Dimashq :</subfield><subfield code="b">Tawzi&#772;&#699; Da&#772;r al-Fikr,</subfield><subfield code="c">[197-?]</subfield></datafield><datafield ind1=" " ind2=" " tag="300"><subfield code="a">online resource (232 pages)</subfield></datafield><datafield ind1=" " ind2=" " tag="336"><subfield code="a">text</subfield><subfield code="2">rdacontent</subfield></datafield><datafield ind1=" " ind2=" " tag="337"><subfield code="a">computer</subfield><subfield code="2">rdamedia</subfield></datafield><datafield ind1=" " ind2=" " tag="338"><subfield code="a">online resource</subfield><subfield code="2">rdacarrier</subfield></datafield><datafield ind1=" " ind2=" " tag="500"><subfield code="a">Part of the Arabic Collections Online (ACO) project, contributed by Columbia University Libraries.</subfield></datafield><datafield ind1=" " ind2=" " tag="504"><subfield code="a">Includes bibliographical references.</subfield></datafield><datafield ind1=" " ind2=" " tag="533"><subfield code="a">Electronic reproduction.</subfield><subfield code="b">New York, N.Y. :</subfield><subfield code="c">New York University,</subfield><subfield code="d">2015.</subfield><subfield code="5">NNU</subfield></datafield><datafield ind1=" " ind2="0" tag="650"><subfield code="a">Arabic poetry</subfield><subfield code="y">To 622</subfield><subfield code="x">History and criticism.</subfield></datafield><datafield ind1=" " ind2="7" tag="650"><subfield code="a">Arabic poetry.</subfield><subfield code="2">fast</subfield><subfield code="0">(OCoLC)fst00812533</subfield></datafield><datafield ind1=" " ind2="7" tag="648"><subfield code="a">To 622</subfield><subfield code="2">fast</subfield></datafield><datafield ind1=" " ind2="7" tag="655"><subfield code="a">Criticism, interpretation, etc.</subfield><subfield code="2">fast</subfield><subfield code="0">(OCoLC)fst01411635</subfield></datafield><datafield ind1="2" ind2=" " tag="710"><subfield code="a">Columbia University.</subfield><subfield code="b">Libraries.</subfield></datafield><datafield ind1="0" ind2=" " tag="730"><subfield code="a">Arabic Collections Online.</subfield></datafield><datafield ind1="0" ind2="8" tag="776"><subfield code="i">Online version:</subfield><subfield code="a">Qaysi&#772;, Nu&#772;ri&#772; H&#803;ammu&#772;di&#772;.</subfield><subfield code="t">Dira&#772;sa&#772;t fi&#772; al-shi&#699;r al-Ja&#772;hili&#772;.</subfield><subfield code="d">[Baghdad] : Sa&#772;&#699;adat Ja&#772;mi&#699;at Baghdad &#699;ala&#769; nashrih ; Dimashq : Tawzi&#772;&#699; Da&#772;r al-Fikr, [197-?]</subfield><subfield code="w">(OCoLC)581545032</subfield></datafield><datafield ind1="0" ind2="8" tag="776"><subfield code="i">Print version:</subfield><subfield code="a">Qaysi&#772;, Nu&#772;ri&#772; H&#803;ammu&#772;di&#772;.</subfield><subfield code="t">Dira&#772;sa&#772;t fi&#772; al-shi&#699;r al-Ja&#772;hili&#772;</subfield><subfield code="w">(NNC)630200</subfield><subfield code="w">(OCoLC)17467688</subfield></datafield><datafield ind1="4" ind2="0" tag="856"><subfield code="u">http://hdl.handle.net/2333.1/p2ngf3s4</subfield></datafield><datafield ind1="1" ind2=" " tag="880"><subfield code="6">100-01/r</subfield><subfield code="a">&#1602;&#1610;&#1587;&#1610;&#1548; &#1606;&#1608;&#1585;&#1610; &#1581;&#1605;&#1608;&#1583;&#1610;.</subfield></datafield><datafield ind1="1" ind2="0" tag="880"><subfield code="6">245-02/r</subfield><subfield code="a">&#1583;&#1585;&#1575;&#1587;&#1575;&#1578; &#1601;&#1610; &#1575;&#1604;&#1588;&#1593;&#1585; &#1575;&#1604;&#1580;&#1575;&#1607;&#1604;&#1610; /</subfield><subfield code="c">&#1606;&#1608;&#1585;&#1610; &#1581;&#1605;&#1608;&#1583;&#1610; &#1575;&#1604;&#1602;&#1610;&#1587;&#1610;.</subfield></datafield><datafield ind1=" " ind2=" " tag="880"><subfield code="6">260-03/r</subfield><subfield code="a">[&#1576;&#1594;&#1583;&#1575;&#1583;] :</subfield><subfield code="b">&#1587;&#1575;&#1593;&#1583;&#1578; &#1580;&#1575;&#1605;&#1593;&#1577; &#1576;&#1594;&#1583;&#1575;&#1583; &#1593;&#1604;&#1609; &#1606;&#1588;&#1585;&#1607; &#1563;</subfield><subfield code="a">&#1583;&#1605;&#1588;&#1602; :</subfield><subfield code="b">&#1578;&#1608;&#1586;&#1610;&#1593; &#1583;&#1575;&#1585; &#1575;&#1604;&#1601;&#1603;&#1585;&#1548;</subfield><subfield code="c">[197-&#1567;]</subfield></datafield><datafield ind1=" " ind2=" " tag="959"><subfield code="a">NNU</subfield><subfield code="b">WEB</subfield><subfield code="c">GENI</subfield><subfield code="t">0</subfield><subfield code="m">Electronic access</subfield><subfield code="s">01</subfield></datafield><datafield ind1=" " ind2=" " tag="999"><subfield code="i">NNC_630200</subfield><subfield code="o">(OCoLC)ocm17467688 </subfield><subfield code="s">columbia_aco000100</subfield></datafield></record>